@article{makin2018,
  title={Superior arm-movement decoding from cortex with a new, unsupervised-learning algorithm},
  author={Makin, Joseph G and Oâ€™Doherty, Joseph E and Cardoso, Mariana MB and Sabes, Philip N},
  journal={Journal of neural engineering},
  volume={15},
  number={2},
  pages={026010},
  year={2018},
  publisher={IOP Publishing}
}

@article{sanchez2007,
  title={Brain--machine interface engineering},
  author={Sanchez, Justin C and Principe, Jos{\'e} C},
  journal={Synthesis Lectures on Biomedical Engineering},
  volume={2},
  number={1},
  pages={1--234},
  year={2007},
  publisher={Morgan \& Claypool Publishers}
}

@incollection{widrow1987,
  title={Adaptive inverse control},
  author={Widrow, Bernard},
  booktitle={Adaptive Systems in Control and Signal Processing 1986},
  pages={1--5},
  year={1987},
  publisher={Elsevier}
}